@article{bressloff2012spatiotemporal,
  title={Spatiotemporal dynamics of continuum neural fields},
  author={Bressloff, Paul C},
  journal={Journal of Physics A: Mathematical and Theoretical},
  volume={45},
  number={3},
  pages={033001},
  year={2012},
  publisher={IOP Publishing}
}
@article{ipython,
  Author    = {P\'erez, Fernando and Granger, Brian E.},
  Title     = {{IP}ython: a System for Interactive Scientific Computing},
  Journal   = {Computing in Science and Engineering},
  Volume    = {9},
  Number    = {3},
  Pages     = {21--29},
  month     = may,
  year      = 2007,
  url       = "http://ipython.org",
  ISSN      = "1521-9615",
  doi       = {10.1109/MCSE.2007.53},
  publisher = {IEEE Computer Society},
}
@article{ermentrout1993existence,
  title={Existence and uniqueness of travelling waves for a neural network},
  author={Ermentrout, G Bard and McLeod, J Bryce},
  journal={Proceedings of the Royal Society of Edinburgh: Section A Mathematics},
  volume={123},
  number={03},
  pages={461--478},
  year={1993},
  publisher={Cambridge Univ Press}
}
@article{oleynik2013properties,
  title={On the properties of nonlinear nonlocal operators arising in neural field models},
  author={Oleynik, Anna and Ponosov, Arcady and Wyller, John},
  journal={Journal of Mathematical Analysis and Applications},
  volume={398},
  number={1},
  pages={335--351},
  year={2013},
  publisher={Elsevier}
}
@ARTICLE{shampine2007stiffness,
AUTHOR = {Shampine, L. F. and Thompson, S. },
TITLE   = {{S}tiff systems},
YEAR	= {2007},
JOURNAL	= {Scholarpedia},
VOLUME  = {2},
NUMBER  = {3},
PAGES   = {2855},
NOTE   = {{revision nr. 139228}},
}
@article{bressloff2014waves,
  title={Waves in Neural Media},
  author={Bressloff, Paul C},
  journal={AMC},
  volume={10},
  pages={12},
  year={2014},
  publisher={Springer}
}
@ARTICLE{coombes2006neuralfields,
AUTHOR = {Coombes, S. },
TITLE   = {Neural fields},
YEAR	= {2006},
JOURNAL	= {Scholarpedia},
VOLUME  = {1},
NUMBER  = {6},
PAGES   = {1373},
NOTE   = {revision nr. 138631},
}
@article{iserles1990stability,
  title={Stability and dynamics of numerical methods for nonlinear ordinary differential equations},
  author={Iserles, Arieh},
  journal={IMA journal of numerical analysis},
  volume={10},
  number={1},
  pages={1--30},
  year={1990},
  publisher={Oxford University Press}
}
@article{laing2002multiple,
  title={Multiple bumps in a neuronal model of working memory},
  author={Laing, Carlo R and Troy, William C and Gutkin, Boris and Ermentrout, G Bard},
  journal={SIAM Journal on Applied Mathematics},
  volume={63},
  number={1},
  pages={62--97},
  year={2002},
  publisher={SIAM}
}
@article{coombes2010neural,
  title={Neural fields with sigmoidal firing rates: approximate solutions},
  author={Coombes, Stephen and Schmidt, Helmut},
  journal={Discrete and Continuous Dynamical Systems. Series S},
  year={2010},
  publisher={American Institute of Mathematical Sciences}
}
@misc{spijker1998numericalStability,
title={Lecture notes on stability estimates and resolvent conditions in the numerical solution of initial value problems},
author={Marc N Spijker},
year={1998},
}
@misc{langtangen2013ODEspy,
  title={The Odespy package},
  author={Langtangen, Hans Petter and Wang, Liwei},
  url={https://github.com/hplgit/odespy},
  year={2013}
}
@article{nonlinearOperator,
title={Non-linear operator},
author={V. I. Sobolev},
year={originator},
journal={Encyclopedia of Mathematics, URL \url{http://www.encyclopediaofmath.org/index.php?title=Non-linear_operator&oldid=14292}},
note={(Accessed 12 February 2014)}
}
@article{numLecNotesMIT,
title={Computational methods in aerospace engeneering},
author={D. L Darmofal},
year={2005},
journal={MIT open courseware, URL \url{http://ocw.mit.edu/courses/aeronautics-and-astronautics/16-901-computational-methods-in-aerospace-engineering-spring-2005/lecture-notes/}},
note={(Accessed 12 April 2014)}
}
@article{stuart1995numericalanalysis,
    author = {Andrew Stuart},
    title = {Numerical Analysis of Dynamical Systems},
    year = {1995},
    journal={Acta Numerica}
}
@Manual{sympy,
title = {SymPy: Python library for symbolic mathematics},
author = {{SymPy Development Team}},
year = {2014},
url = {http://www.sympy.org},
}
@book{purves2001neuroscience,
  title={Neuroscience 2nd Edition `Long Term Synaptic Depression'},
  author={Purves, Dale and Augustine, George J and Fitzpatrick, David and Katz, Lawrence C and LaMantia, Anthony-Samuel and McNamara, James O and Williams, S Mark and others},
  year={2001},
  publisher={Sinauer Associates}
}
@article{Petersen2007339,
title = "The Functional Organization of the Barrel Cortex ",
journal = "Neuron ",
volume = "56",
number = "2",
pages = "339 - 355",
year = "2007",
note = "",
issn = "0896-6273",
doi = "http://dx.doi.org/10.1016/j.neuron.2007.09.017",
url = "http://www.sciencedirect.com/science/article/pii/S0896627307007155",
author = "Carl C.H. Petersen"
}
@article{wilson1972excitatory,
  title={Excitatory and inhibitory interactions in localized populations of model neurons},
  author={Wilson, Hugh R and Cowan, Jack D},
  journal={Biophysical journal},
  volume={12},
  number={1},
  pages={1--24},
  year={1972},
  publisher={Elsevier}
}
@article{wilson1973mathematical,
  title={A mathematical theory of the functional dynamics of cortical and thalamic nervous tissue},
  author={Wilson, Hugh R and Cowan, Jack D},
  journal={Kybernetik},
  volume={13},
  number={2},
  pages={55--80},
  year={1973},
  publisher={Springer}
}
@article{amari1975homogeneous,
  title={Homogeneous nets of neuron-like elements},
  author={Amari, Shun-Ichi},
  journal={Biological Cybernetics},
  volume={17},
  number={4},
  pages={211--220},
  year={1975},
  publisher={Springer}
}
@article{coombes2005waves,
  title={Waves, bumps, and patterns in neural field theories},
  author={Coombes, Stephen},
  journal={Biological Cybernetics},
  volume={93},
  number={2},
  pages={91--108},
  year={2005},
  publisher={Springer}
}
@book{gerstner2002spiking,
  title={Spiking neuron models: Single neurons, populations, plasticity},
  author={Gerstner, Wulfram and Kistler, Werner M},
  year={2002},
  publisher={Cambridge university press}
}
@article{hodgkin1952quantitative,
  title={A quantitative description of membrane current and its application to conduction and excitation in nerve},
  author={Hodgkin, Alan L and Huxley, Andrew F},
  journal={The Journal of physiology},
  volume={117},
  number={4},
  pages={500},
  year={1952},
  publisher={Blackwell Publishing}
}
@article{faye2010some,
  title={Some theoretical and numerical results for delayed neural field equations},
  author={Faye, Gr{\'e}gory and Faugeras, Olivier},
  journal={Physica D: Nonlinear Phenomena},
  volume={239},
  number={9},
  pages={561--578},
  year={2010},
  publisher={Elsevier}
}

@book{Kreyzig,
    author    = "Erwin Kreyzig",
    title     = "Advanced engineering mathematics",
    publisher = "John Wiley \& Sons, Inc.",
    edition  = "10th",
    year      = "2011",
}
@article{oleynik2010weakly,
  title={The weakly nonlocal limit of a one-population Wilson--Cowan model},
  author={Oleynik, Anna and Wyller, John and Wertgeim, Igor},
  journal={Physica D: Nonlinear Phenomena},
  volume={239},
  number={18},
  pages={1766--1780},
  year={2010},
  publisher={Elsevier}
}

@book{perko2000differential,
  title={Differential equations and dynamical systems},
  author={Perko, Lawrence},
  volume={7},
  year={2000},
  publisher={Springer}
}
@article{ermentrout1998neural,
  title={Neural networks as spatio-temporal pattern-forming systems},
  author={Ermentrout, Bard},
  journal={Reports on progress in physics},
  volume={61},
  number={4},
  pages={353},
  year={1998},
  publisher={IOP Publishing}
}
@book{cushing1977integrodifferential,
  title={Integrodifferential equations and delay models in population dynamics},
  author={Cushing, Jim Michael},
  volume={20},
  year={1977},
  publisher={Springer-Verlag Heidelberg}
}
@book{gladwell2004numerics,
  title={Introduction to Scientific computing using MATLAB},
  author={Gladwell, Ian},
  volume={1},
  year={2004},
  publisher={Department of Mathematics
Southern Methodist University
Dallas}
}
@book{cheney2006numerical,
  title={Numerical mathematics and computing},
  author={Cheney, E Ward and Kincaid, David R},
  year={2006},
  publisher={Brooks/Cole}
}
@book{arnold1992ordinary,
  title={Ordinary differential equations},
  author={ARNOLD, VI},
  year={1992},
  publisher={Springer}
}
@book{logan2006applied,
  title={Applied mathematics},
  author={LOGAN, J David},
  year={2006},
  volume={3},
  publisher={Wiley New York}
}
@article{Hunter:2007,
        Address = {10662 LOS VAQUEROS CIRCLE, PO BOX 3014, LOS ALAMITOS, CA 90720-1314 USA},
        Author = {Hunter, John D.},
        Date-Added = {2010-09-23 12:22:10 -0700},
        Date-Modified = {2010-09-23 12:22:10 -0700},
        Isi = {000245668100019},
        Isi-Recid = {155389429},
        Journal = {Computing In Science \& Engineering},
        Month = {May-Jun},
        Number = {3},
        Pages = {90--95},
        Publisher = {IEEE COMPUTER SOC},
        Times-Cited = {21},
        Title = {Matplotlib: A 2D graphics environment},
        Type = {Editorial Material},
        Volume = {9},
        Year = {2007},
        Abstract = {Matplotlib is a 2D graphics package used for Python for application
                    development, interactive scripting, and publication-quality image
                    generation across user interfaces and operating systems.},
        Bdsk-Url-1 = {http://gateway.isiknowledge.com/gateway/Gateway.cgi?GWVersion=2&SrcAuth=Alerting&SrcApp=Alerting&DestApp=WOS&DestLinkType=FullRecord;KeyUT=000245668100019}
}
@article{potthast2010existence,
  title={Existence and properties of solutions for neural field equations},
  author={Potthast, Roland and Beim Graben, Peter},
  journal={Mathematical Methods in the Applied Sciences},
  volume={33},
  number={8},
  pages={935--949},
  year={2010},
  publisher={Wiley Online Library}
}
@article{nordbo2007neural,
  title={Neural network firing-rate models on integral form},
  author={Nordb{\o}, {\O}yvind and Wyller, John and Einevoll, Gaute T},
  journal={Biological cybernetics},
  volume={97},
  number={3},
  pages={195--209},
  year={2007},
  publisher={Springer}
}
@book{sterratt2011principles,
  title={Principles of computational modelling in neuroscience},
  author={Sterratt, David and Graham, Bruce and Gillies, Andrew and Willshaw, David},
  year={2011},
  publisher={Cambridge University Press}
}
@article{amari1977dynamics,
  title={Dynamics of pattern formation in lateral-inhibition type neural fields},
  author={Amari, Shun-Ichi},
  journal={Biological cybernetics},
  volume={27},
  number={2},
  pages={77--87},
  year={1977},
  publisher={Springer}
}
@article{lewis2005cortical,
  title={Cortical inhibitory neurons and schizophrenia},
  author={Lewis, David A and Hashimoto, Takanori and Volk, David W},
  journal={Nature Reviews Neuroscience},
  volume={6},
  number={4},
  pages={312--324},
  year={2005},
  publisher={Nature Publishing Group}
}
@article{laing2003pde,
  title={PDE methods for nonlocal models},
  author={Laing, Carlo R and Troy, William C},
  journal={SIAM Journal on Applied Dynamical Systems},
  volume={2},
  number={3},
  pages={487--516},
  year={2003},
  publisher={SIAM}
}
@article{laing2002multiple,
  title={Multiple bumps in a neuronal model of working memory},
  author={Laing, Carlo R and Troy, William C and Gutkin, Boris and Ermentrout, G Bard},
  journal={SIAM Journal on Applied Mathematics},
  volume={63},
  number={1},
  pages={62--97},
  year={2002},
  publisher={SIAM}
}

@article{ramachandran2011mayavi,
  title={{Mayavi: 3D Visualization of Scientific Data}},
  author={Ramachandran, P. and Varoquaux, G.},
  journal={Computing in Science \& Engineering},
  volume={13},
  number={2},
  pages={40--51},
  issn={1521-9615},
  year={2011},
  publisher={IEEE}
}

@book{trench2003introduction,
  title={Introduction to real analysis},
  author={Trench, William F},
  year={2003},
  publisher={Prentice Hall/Pearson Education}
}
@book{iserles2009second,
  title={A first course in the numerical analysis of differential equations},
  author={Iserles, Arieh},
  volume={44},
  year={2009},
  edition  = "2nd",
  publisher={Cambridge University Press}
}
@book{thomas2010thomas,
  title={Thomas' calculus early transcendentals},
  author={Thomas, George Brinton and Weir, Maurice D and Hass, Joel and Giordano, Frank R},
  year={2010},
  publisher={Pearson}
}

@article{Nielsen2013stability,
  title={Stability Analysis of the Initial Value Problem For the
Wilson-Cowan Model},
  author={Nielsen, Bj\{o}rn Fredrik and Shiau, LieJune and Wyller, John},
  year={2013},
  publisher={Elsevier}
}

@Misc{scipy,
  author =    {Eric Jones and Travis Oliphant and Pearu Peterson and others},
  title =     {{SciPy}: Open source scientific tools for {Python}},
  year =      {2001},
  url = "http://www.scipy.org/"
}
@article{newtons_methhod,
  title={Newton's Method},
  author={Weisstein, Eric W},
  year={2006},
  journal={From MathWorld--A Wolfram Web Resource. URL \url{http://mathworld.wolfram.com/NewtonsMethod.html}},
  note={(Accessed 24 February 2014)}
}